<record><leader>00000cas a22000007a 4500</leader><controlfield tag="001">21142177</controlfield><controlfield tag="008">900301d19651972couwr ne      0    0eng d</controlfield><datafield ind1=" " ind2=" " tag="010"><subfield code="a">sn 90051199 </subfield></datafield><datafield ind1=" " ind2=" " tag="040"><subfield code="a">DPL</subfield><subfield code="b">eng</subfield><subfield code="c">DPL</subfield><subfield code="d">CNQ</subfield><subfield code="d">OCLCQ</subfield></datafield><datafield ind1=" " ind2=" " tag="042"><subfield code="a">msc</subfield></datafield><datafield ind1="0" ind2=" " tag="130"><subfield code="a">Free dispatch (Northglenn, Colo.)</subfield></datafield><datafield ind1="1" ind2="0" tag="245"><subfield code="a">Free dispatch.</subfield></datafield><datafield ind1=" " ind2=" " tag="260"><subfield code="a">Northglenn, Colo. :</subfield><subfield code="b">Colorado Publications Newspapers</subfield></datafield><datafield ind1=" " ind2=" " tag="300"><subfield code="a">v.</subfield></datafield><datafield ind1=" " ind2=" " tag="310"><subfield code="a">Weekly</subfield></datafield><datafield ind1="0" ind2=" " tag="362"><subfield code="a">Vol. 1, no. 1 (Jan. 28, 1965)-</subfield></datafield><datafield ind1="1" ind2=" " tag="362"><subfield code="a">Ceased in 1972.</subfield></datafield><datafield ind1=" " ind2=" " tag="580"><subfield code="a">Merged with: Northglenn impressions, and: Thornton-north valley sentinel, to form: Dispatch-sentinel (Denver, Colo.).</subfield></datafield><datafield ind1=" " ind2=" " tag="752"><subfield code="a">United States</subfield><subfield code="b">Colorado</subfield><subfield code="c">Adams</subfield><subfield code="d">Northglenn.</subfield></datafield><datafield ind1="1" ind2="7" tag="785"><subfield code="t">Thornton-north valley sentinel</subfield><subfield code="w">(DLC)sn 89052020</subfield></datafield><datafield ind1="1" ind2="7" tag="785"><subfield code="t">Northglenn impressions</subfield><subfield code="w">(DLC)sn 89052021</subfield></datafield><datafield ind1="1" ind2="7" tag="785"><subfield code="t">Dispatch-sentinel (Denver, Colo.)</subfield><subfield code="w">(DLC)sn 91052628</subfield></datafield></record>